<marcxml:record xmlns:marcxml="http://www.loc.gov/MARC21/slim" xmlns:idx="info:lc/xq-modules/lcindex" xmlns:madsrdf="http://www.loc.gov/mads/rdf/v1#" xmlns:ri="http://id.loc.gov/ontologies/RecordInfo#" xmlns:xlink="http://www.w3.org/1999/xlink" xmlns:rdf="http://www.w3.org/1999/02/22-rdf-syntax-ns#" xmlns:mets="http://www.loc.gov/METS/" xmlns:semtriples="http://marklogic.com/semantic" xmlns:xsi="http://www.w3.org/2001/XMLSchema-instance" xmlns:streams="info:lc/streams#">
            <marcxml:leader>00925cz  a2200265n  4500</marcxml:leader>
            <marcxml:controlfield tag="001">sh87004964</marcxml:controlfield>
            <marcxml:controlfield tag="003">DLC</marcxml:controlfield>
            <marcxml:controlfield tag="005">20110604081718.0</marcxml:controlfield>
            <marcxml:controlfield tag="008">870810|| anannbabn          |a ana      </marcxml:controlfield>
            <marcxml:datafield tag="010" ind1=" " ind2=" ">
              <marcxml:subfield code="a">sh 87004964 </marcxml:subfield>
            </marcxml:datafield>
            <marcxml:datafield tag="034" ind1=" " ind2=" ">
              <marcxml:subfield code="d">E0325300</marcxml:subfield>
              <marcxml:subfield code="e">E0325300</marcxml:subfield>
              <marcxml:subfield code="f">N0240100</marcxml:subfield>
              <marcxml:subfield code="g">N0240100</marcxml:subfield>
              <marcxml:subfield code="2">geonames</marcxml:subfield>
            </marcxml:datafield>
            <marcxml:datafield tag="040" ind1=" " ind2=" ">
              <marcxml:subfield code="a">DLC</marcxml:subfield>
              <marcxml:subfield code="c">DLC</marcxml:subfield>
              <marcxml:subfield code="d">DLC</marcxml:subfield>
            </marcxml:datafield>
            <marcxml:datafield tag="151" ind1=" " ind2=" ">
              <marcxml:subfield code="a">Philae (Egypt)</marcxml:subfield>
            </marcxml:datafield>
            <marcxml:datafield tag="451" ind1=" " ind2=" ">
              <marcxml:subfield code="a">Jarīzat Fīlah (Egypt)</marcxml:subfield>
            </marcxml:datafield>
            <marcxml:datafield tag="451" ind1=" " ind2=" ">
              <marcxml:subfield code="a">P-aaleg (Egypt)</marcxml:subfield>
            </marcxml:datafield>
            <marcxml:datafield tag="451" ind1=" " ind2=" ">
              <marcxml:subfield code="a">Pilak (Egypt)</marcxml:subfield>
            </marcxml:datafield>
            <marcxml:datafield tag="451" ind1=" " ind2=" ">
              <marcxml:subfield code="a">Qaṣr Anas al-Wujūd (Egypt)</marcxml:subfield>
            </marcxml:datafield>
            <marcxml:datafield tag="550" ind1=" " ind2=" ">
              <marcxml:subfield code="w">g</marcxml:subfield>
              <marcxml:subfield code="a">Islands</marcxml:subfield>
              <marcxml:subfield code="z">Egypt</marcxml:subfield>
            </marcxml:datafield>
            <marcxml:datafield tag="670" ind1=" " ind2=" ">
              <marcxml:subfield code="a">Work cat.: Žabkar, L.V. Hymns to Isis in her Temple at Philae, 1987.</marcxml:subfield>
            </marcxml:datafield>
            <marcxml:datafield tag="670" ind1=" " ind2=" ">
              <marcxml:subfield code="a">Web. geog.</marcxml:subfield>
              <marcxml:subfield code="b">(Philae)</marcxml:subfield>
            </marcxml:datafield>
            <marcxml:datafield tag="670" ind1=" " ind2=" ">
              <marcxml:subfield code="a">Lippincott</marcxml:subfield>
              <marcxml:subfield code="b">(Philae)</marcxml:subfield>
            </marcxml:datafield>
            <marcxml:datafield tag="670" ind1=" " ind2=" ">
              <marcxml:subfield code="a">Britannica Micro.</marcxml:subfield>
              <marcxml:subfield code="b">(Jarīzat Fīlah, P-aaleg, Pilak, Qaṣr Anas al-Wujūd, Philae)</marcxml:subfield>
            </marcxml:datafield>
            <marcxml:datafield tag="670" ind1=" " ind2=" ">
              <marcxml:subfield code="a">Old catalog heading</marcxml:subfield>
              <marcxml:subfield code="b">(Philae Island)</marcxml:subfield>
            </marcxml:datafield>
            <marcxml:datafield tag="670" ind1=" " ind2=" ">
              <marcxml:subfield code="a">GeoNames [algorithmically matched]</marcxml:subfield>
              <marcxml:subfield code="b">island; 24°01ʹ00ʺN 032°53ʹ00ʺE</marcxml:subfield>
            </marcxml:datafield>
            <marcxml:datafield tag="781" ind1=" " ind2="0">
              <marcxml:subfield code="z">Egypt</marcxml:subfield>
              <marcxml:subfield code="z">Philae</marcxml:subfield>
            </marcxml:datafield>
          </marcxml:record>
